@book{Aho:72,
    author  = {Alfred V. Aho and Jeffrey D. Ullman},
    title   = {The Theory of Parsing, Translation and Compiling},
    year    = "1972",
    volume  = "1",
    publisher = {Prentice-Hall},
    address = {Englewood Cliffs, NJ}
}

@book{APA:83,
    author  = {{American Psychological Association}},
    title   = {Publications Manual},
    year    = "1983",
   publisher = {American Psychological Association},
   address = {Washington, DC}
}

@article{Chandra:81,
	author = {Ashok K. Chandra and Dexter C. Kozen and Larry J. Stockmeyer},
	year = "1981",
	title = {Alternation},
	journal = {Journal of the Association for Computing Machinery},
	volume = "28",
	number = "1",
	pages = "114--133",
	doi = "10.1145/322234.322243",
}

@inproceedings{andrew2007scalable,
  title={Scalable training of {L1}-regularized log-linear models},
  author={Andrew, Galen and Gao, Jianfeng},
  booktitle={Proceedings of the 24th International Conference on Machine Learning},
  pages={33--40},
  year={2007},
}

@book{Gusfield:97,
    author  = {Dan Gusfield},
    title   = {Algorithms on Strings, Trees and Sequences},
    year    = "1997",
    publisher = {Cambridge University Press},
    address = {Cambridge, UK}
}

@article{rasooli-tetrault-2015,
    author    = {Mohammad Sadegh Rasooli and Joel R. Tetreault},
    title     = {Yara Parser: {A} Fast and Accurate Dependency Parser},
    journal   = {Computing Research Repository},
    volume    = {arXiv:1503.06733},
    year      = {2015},
    url       = {http://arxiv.org/abs/1503.06733},
    note    = {version 2}
}

@article{Ando2005,
	Acmid = {1194905},
	Author = {Ando, Rie Kubota and Zhang, Tong},
	Issn = {1532-4435},
	Issue_Date = {12/1/2005},
	Journal = {Journal of Machine Learning Research},
	Month = dec,
	Numpages = {37},
	Pages = {1817--1853},
	Publisher = {JMLR.org},
	Title = {A Framework for Learning Predictive Structures from Multiple Tasks and Unlabeled Data},
	Volume = {6},
	Year = {2005}}


@misc{amnesia,
  doi = {10.48550/ARXIV.2006.00995},
  
  url = {https://arxiv.org/abs/2006.00995},
  
  author = {Elazar, Yanai and Ravfogel, Shauli and Jacovi, Alon and Goldberg, Yoav},
  
  keywords = {Computation and Language (cs.CL), FOS: Computer and information sciences, FOS: Computer and information sciences},
  
  title = {Amnesic Probing: Behavioral Explanation with Amnesic Counterfactuals},
  
  publisher = {arXiv},
  
  year = {2020},
  
  copyright = {arXiv.org perpetual, non-exclusive license}
}

@misc{inlp,
  doi = {10.48550/ARXIV.2004.07667},
  
  url = {https://arxiv.org/abs/2004.07667},
  
  author = {Ravfogel, Shauli and Elazar, Yanai and Gonen, Hila and Twiton, Michael and Goldberg, Yoav},
  
  keywords = {Computation and Language (cs.CL), Machine Learning (cs.LG), FOS: Computer and information sciences, FOS: Computer and information sciences},
  
  title = {Null It Out: Guarding Protected Attributes by Iterative Nullspace Projection},
  
  publisher = {arXiv},
  
  year = {2020},
  
  copyright = {arXiv.org perpetual, non-exclusive license}
}

@inproceedings{bert,
    title = "{BERT}: Pre-training of Deep Bidirectional Transformers for Language Understanding",
    author = "Devlin, Jacob  and
      Chang, Ming-Wei  and
      Lee, Kenton  and
      Toutanova, Kristina",
    booktitle = "Proceedings of the 2019 Conference of the North {A}merican Chapter of the Association for Computational Linguistics: Human Language Technologies, Volume 1 (Long and Short Papers)",
    month = jun,
    year = "2019",
    address = "Minneapolis, Minnesota",
    publisher = "Association for Computational Linguistics",
    url = "https://aclanthology.org/N19-1423",
    doi = "10.18653/v1/N19-1423",
    pages = "4171--4186",
    abstract = "We introduce a new language representation model called BERT, which stands for Bidirectional Encoder Representations from Transformers. Unlike recent language representation models (Peters et al., 2018a; Radford et al., 2018), BERT is designed to pre-train deep bidirectional representations from unlabeled text by jointly conditioning on both left and right context in all layers. As a result, the pre-trained BERT model can be fine-tuned with just one additional output layer to create state-of-the-art models for a wide range of tasks, such as question answering and language inference, without substantial task-specific architecture modifications. BERT is conceptually simple and empirically powerful. It obtains new state-of-the-art results on eleven natural language processing tasks, including pushing the GLUE score to 80.5 (7.7 point absolute improvement), MultiNLI accuracy to 86.7{\%} (4.6{\%} absolute improvement), SQuAD v1.1 question answering Test F1 to 93.2 (1.5 point absolute improvement) and SQuAD v2.0 Test F1 to 83.1 (5.1 point absolute improvement).",
}